<?xml version="1.0" encoding="UTF-8"?><collection xmlns="http://www.loc.gov/MARC21/slim"><record><leader>00437nam--2200133-i-4500</leader><controlfield tag="001">000009806</controlfield><controlfield tag="002">20161230</controlfield><controlfield tag="005">20161230201028</controlfield><controlfield tag="008">060222s1000------------r-----000-0-eng-d</controlfield><datafield ind1=" " ind2=" " tag="080"><subfield code="a">621.039.52.034.3</subfield></datafield><datafield ind1=" " ind2=" " tag="100"><subfield code="a">Bainbridge, G.R</subfield></datafield><datafield ind1=" " ind2=" " tag="245"><subfield code="a">Gas-cooled reactors.high enriched and plutoniu m enriched designs-fission product retaining fuel applications</subfield></datafield><datafield ind1=" " ind2=" " tag="260"><subfield code="a">Viena, International Atomic Energy Agency,1966 6 P + 3 Fig</subfield></datafield><datafield ind1=" " ind2=" " tag="852"><subfield code="a">35457</subfield></datafield></record></collection>